@article{Fosalba:2015MI,
      author         = "Fosalba, Pablo and Crocce, Martin and Gaztañaga, Enrique and Castander, Francisco Javier",
      title          = "{The MICE Grand Challenge Lightcone Simulation I: Dark matter clustering}",
      journal        = "Mon. Not. Roy. Astron. Soc.",
      volume         = "448",
      year           = "2015",
      number         = "4",
      pages          = "2987-3000",
      doi            = "10.1093/mnras/stv138",
      eprint         = "1312.1707",
      archivePrefix  = "arXiv",
      primaryClass   = "astro-ph.CO",
      SLACcitation   = "%%CITATION = ARXIV:1312.1707;%%"
}

@article{Fosalba:2015MII,
      author         = "Crocce, Martin and Castander, Francisco Javier and Gaztañaga, Enrique and Fosalba, Pablo and Carretero, J.",
      title          = "{The MICE Grand Challenge Lightcone Simulation II: Halo and Galaxy catalogues}",
      journal        = "Mon. Not. Roy. Astron. Soc.",
      volume         = "453",
      year           = "2015",
      number         = "2",
      pages          = "1513-1530",
      doi            = "10.1093/mnras/stv1708",
      eprint         = "1312.2013",
      archivePrefix  = "arXiv",
      primaryClass   = "astro-ph.CO",
      SLACcitation   = "%%CITATION = ARXIV:1312.2013;%%"
}

@article{Carretero:2017MIII,
      author         = "Carretero, J. and others",
      title          = "{CosmoHub and SciPIC: Massive Cosmological Data Analysis, Distribution and Generation Using a Big Data Platform}",
      journal        = "PoS Proc. Sci.",
      volume         = "488",
      year           = "2017",
      doi            = "10.22323/1.314.0488",
}

@article{Desjacques:2018rev,
      author         = "Desjacques, Vincent and Jeong, Donghui and Schmidt, Fabian",
      title          = "{Large-Scale Galaxy Bias}",
      journal        = "Phys. Rept.",
      volume         = "733",
      year           = "2018",
      pages          = "1-193",
      doi            = "10.1016/j.physrep.2017.12.002",
      eprint         = "1611.09787",
      archivePrefix  = "arXiv",
      primaryClass   = "astro-ph.CO",
      SLACcitation   = "%%CITATION = ARXIV:1611.09787;%%"
}

@article{Bernardeau:2002rev,
      author         = "Bernardeau, F. and Colombi, S. and Gaztañaga, E. and Scoccimarro",
      title          = "{Large-Scale Structure of the Universe and Cosmological Perturbation Theory
}",
      journal        = "Phys. Rept.",
      volume         = "367",
      year           = "2012",
      pages          = "1-248",
      doi            = "10.1016/S0370-1573(02)00135-7",
      eprint         = "astro-ph/0112551",
      archivePrefix  = "arXiv",
      primaryClass   = "astro-ph",
      SLACcitation   = "%%CITATION = ARXIV:0112551;%%"
}

@article{Kravtsov:1999hb,
      author         = "Kravtsov, Andrey V. and Klypin, Anatoly, A.",
      title          = "{The Origin and Evolution of Halo Bias in Linear and Nonlinear Regimes}",
      journal        = "Astrophys. J.",
      volume         = "520",
      number         = "2",
      year           = "1999",
      pages          = "437-453",
      doi            = "10.1086/307495",
      eprint         = "astro-ph/9812311",
      archivePrefix  = "arXiv",
      primaryClass   = "astro-ph",
      SLACcitation   = "%%CITATION = ARXIV:9812311;%%"
}

@article{Tinker:2010Tinker,
      author         = "Tinker, Jeremy L. and Robertson, Brant E. and Kravtsov, Andrey V. and Klypin, Anatoly and Warren, Michael S. and Yeps, Gustavo and Gottlober, Stefan",
      title          = "{The Large Scale Bias of Dark Matter Halos: Numerical Calibration and Model Tests}",
      journal        = "Astrophys. J.",
      volume         = "724",
      number         = "2",
      year           = "2010",
      pages          = "878",
      doi            = "10.1088/0004-637X/724/2/878",
      eprint         = "1001.3162",
      archivePrefix  = "arXiv",
      primaryClass   = "astro-ph.CO",
      SLACcitation   = "%%CITATION = ARXIV:1001.3162;%%"
}

@article{Hand:2018nby,
      author         = "Hand, Nick and Feng, Yu and Beutler, Florian and Li, Yin and Modi, Chirag and Seljak, Uroš and Slepian, Zachary",
      title          = "{nbodykit: An Open-source, Massively Parallel Toolkit for Large-scale Structure}",
      journal        = "Astrophys. J.",
      volume         = "156",
      year           = "2018",
      number         = "4",
      pages          = "160",
      doi            = "10.3847/1538-3881/aadae0",
      eprint         = "1712.05834",
      archivePrefix  = "arXiv",
      primaryClass   = "astro-ph.CO",
      SLACcitation   = "%%CITATION = ARXIV:1712.05834;%%"
}

@article{Seljak:2004SW,
      author         = "Seljak, Uroš and Warre, Michael S.",
      title          = "{Large Scale Bias and Stochasticity of Halos and Dark Matter}",
      journal        = "Mon. Not. Roy. Astron. Soc.",
      volume         = "355",
      year           = "2004",
      number         = "1",
      pages          = "129-136",
      doi            = "10.1111/j.1365-2966.2004.08297.x",
      eprint         = "astro-ph/0403698",
      archivePrefix  = "arXiv",
      primaryClass   = "astro-ph",
      SLACcitation   = "%%CITATION = ARXIV:0403698;%%"
}

@article{Bhattacharya:2011MF,
      author         = "Bhattacharya, Suman and Heitmann, Katrin and White, Martin and Lukić, Zarija and Wagner, Christian and Habib, Salman",
      title          = "{Mass Function Predictions Beyond LCDM}",
      journal        = "Astrophys. J.",
      volume         = "732",
      number         = "2",
      year           = "2011",
      pages          = "122",
      doi            = "10.1088/0004-637X/732/2/122",
      eprint         = "1005.2239",
      archivePrefix  = "arXiv",
      primaryClass   = "astro-ph.CO",
      SLACcitation   = "%%CITATION = ARXIV:1005.2239;%%"
}

@article{Pervical:2007GPS,
      author         = "Pervical, Will J. and others",
      title          = "{The Shape of the Sloan Digital Sky Survey Data Release 5 Galaxy Power Spectrum}",
      journal        = "Astrophys. J.",
      volume         = "657",
      number         = "2",
      year           = "2007",
      pages          = "645",
      doi            = "10.1086/510615",
      eprint         = "astro-ph/0608636",
      archivePrefix  = "arXiv",
      primaryClass   = "astro-ph",
      SLACcitation   = "%%CITATION = ARXIV:0608636;%%"
}

@article{Cresswell:2008Col,
      author         = "Cresswell, James G. and Pervical, Will J.",
      title          = "{Scale-Dependent Galaxy Bias in the Sloan Digital Sky Survey as a Function of Luminosity and Colour}",
      journal        = "Mon. Not. Roy. Astron. Soc.",
      volume         = "392",
      year           = "2008",
      number         = "2",
      pages          = "682-690",
      doi            = "10.1111/j.1365-2966.2008.14082.x",
      eprint         = "0808.1101",
      archivePrefix  = "arXiv",
      primaryClass   = "astro-ph",
      SLACcitation   = "%%CITATION = ARXIV:0808.1101;%%"
}

@article{Klypin:2014nov,
      author         = "Klypin, Anatoly and Yepes, Gustavo and Gottlober, Stefan and Prada, Francisco and Hess, Steffen",
      title          = "{MultiDark Simulations: the Story of Dark Matter Halo Concentrations and Density Profiles}",
      journal        = "Mon. Not. Roy. Astron. Soc.",
      volume         = "457",
      year           = "2014",
      number         = "4",
      pages          = "4340-4359",
      doi            = "10.1093/mnras/stw248",
      eprint         = "1411.4001",
      archivePrefix  = "arXiv",
      primaryClass   = "astro-ph.CO",
      SLACcitation   = "%%CITATION = ARXIV:1411.4001;%%"
}

@article{Behroozi:2013Rock,
      author         = "Behroozi, Peter S. and Wechsler, Risa H. and Wu, Hao-Yi",
      title          = "{The ROCKSTAR Phase-space Temporal Halo Finder and the Velocity Offsets of Cluster Cores}",
      journal        = "Astrophys. J.",
      volume         = "762",
      number         = "2",
      year           = "2013",
      pages          = "109",
      doi            = "10.1088/0004-637X/762/2/109",
      eprint         = "1110.4372",
      archivePrefix  = "arXiv",
      primaryClass   = "astro-ph.CO",
      SLACcitation   = "%%CITATION = ARXIV:1110.4372;%%"
}

@article{Planck:2014cos,
      author         = "{Planck Collaboration}",
      title          = "{Planck 2013 Results. XVI. Cosmological Parameters}",
      journal        = "Astron. Astrophys.",
      volume         = "571",
      year           = "2014",
      pages          = "66",
      doi            = "10.1051/0004-6361/201321591",
      eprint         = "1303.5076",
      archivePrefix  = "arXiv",
      primaryClass   = "astro-ph.CO",
      SLACcitation   = "%%CITATION = ARXIV:1303.5076;%%"
}

@article{Wfirst:2012jg,
      author         = "{WFIRST Science Definition Team}",
      title          = "{Wide-Field InfraRed Survey Telescope (WFIRST) Final Report}",
      year           = "2012",
      eprint         = "1208.4012",
      archivePrefix  = "arXiv",
      primaryClass   = "astro-ph.IM",
      SLACcitation   = "%%CITATION = ARXIV:1208.4012;%%"
}
@article{LSST:2012ls,
      author         = "{LSST Daek Energy Science Collaboration}",
      title          = "{Large Synoptic Survey Telescope: Dark Energy Science Collaboration}",
      year           = "2012",
      eprint         = "1211.0310",
      archivePrefix  = "arXiv",
      primaryClass   = "astro-ph.CO",
      SLACcitation   = "%%CITATION = ARXIV:1211.0310;%%"
}
@article{DESI:2019ds,
      author         = "{DESI Collaboration}",
      title          = "{The Dark Energy Spectroscopic Instrument (DESI)}",
      year           = "2019",
      eprint         = "1907.10688",
      archivePrefix  = "arXiv",
      primaryClass   = "astro-ph.IM",
      SLACcitation   = "%%CITATION = ARXIV:1907.10688;%%"
}
@article{Carroll:1997gr,
      author         = "Carroll, Sean M.",
      title          = "{Lecture Notes on General Relativity}",
      year           = "1997",
      eprint         = "gr-qc/9712019",
      archivePrefix  = "arXiv",
      primaryClass   = "gr-qc",
      SLACcitation   = "%%CITATION = ARXIV:9712019;%%"
}
@article{Modi:2019hydr,
      author         = "Modi, Chirag and White, Martin and Slosar, Anže and Castorina, Emanuele",
      title          = "{Reconstructing Large-Scale Structure with Neutral Hydrogen Surveys}",
      journal        = "J. Cosmol. Astropart. P.",
      volume         = "11",
      year           = "2019",
      pages          = "023",
      doi            = "10.1088/1475-7516/2019/11/023",
      eprint         = "1907.02330",
      archivePrefix  = "arXiv",
      primaryClass   = "astro-ph.CO",
      SLACcitation   = "%%CITATION = ARXIV:1907.02330;%%"
}
@article{Li:2020fir,
      author         = "Li, Peikai and Dodelson, Scott and Croft, Rupert A. C.",
      title          = "{Large Scale Structure Reconstruction with Short-Wavelength Modes}",
      journal        = "Phys. Rev. D",
      volume         = "101",
      year           = "2020",
      pages          = "083510",
      doi            = "10.1103/PhysRevD.101.083510",
      eprint         = "2001.02780",
      archivePrefix  = "arXiv",
      primaryClass   = "astro-ph.CO",
      SLACcitation   = "%%CITATION = ARXIV:2001.02780;%%"
}

@article{Jain:1994sop,
      author         = "Jain, Bhuvnesh and Bertschinger, Edmund",
      title          = "{Second-Order Power Spectrum and Nonlinear Evolution at High Redshift}",
      journal        = "Astrophys. J.",
      volume         = "431",
      year           = "1994",
      number         = "2",
      pages          = "495-505",
      doi            = "10.1086/174502",
      eprint         = "astro-ph/9311070",
      archivePrefix  = "arXiv",
      primaryClass   = "astro-ph",
      SLACcitation   = "%%CITATION = ARXIV:9311070;%%"
}
@article{Takahashi:2008to,
      author         = "Takahashi, Ryuichi",
      title          = "{Third-Order Density Perturbation and One-Loop Power Spectrum in Dark-Energy-Dominated Universe}",
      journal        = "Prog. Theor. Phys.",
      volume         = "120",
      year           = "2008",
      number         = "3",
      pages          = "549–559",
      doi            = "10.1143/PTP.120.549",
      eprint         = "0806.1437",
      archivePrefix  = "arXiv",
      primaryClass   = "astro-ph.CO",
      SLACcitation   = "%%CITATION = ARXIV:0806.1437;%%"
}

@article{Sefusatti:2015CIC,
      author         = "Fosalba, Pablo and Crocce, Martin and Gaztañaga, Enrique and Castander, Francisco Javier",
      title          = "{Accurate Estimators of Correlation Functions in Fourier Space}",
      journal        = "Mon. Not. Roy. Astron. Soc.",
      volume         = "460",
      year           = "2015",
      number         = "4",
      pages          = "3624–3636",
      doi            = "10.1093/mnras/stw1229",
      eprint         = "1512.07295",
      archivePrefix  = "arXiv",
      primaryClass   = "astro-ph.CO",
      SLACcitation   = "%%CITATION = ARXIV:1512.07295;%%"
}

@article{DES:2016DES,
      author         = "{Dark Energy Survey Collaboration}",
      title          = "{The Dark Energy Survey: More than Dark Rnergy – An Overview}",
      journal        = "Mon. Not. Roy. Astron. Soc.",
      volume         = "460",
      year           = "2016",
      number         = "2",
      pages          = "1270–1299",
      doi            = "10.1093/mnras/stw641",
      eprint         = "1601.00329",
      archivePrefix  = "arXiv",
      primaryClass   = "astro-ph.CO",
      SLACcitation   = "%%CITATION = ARXIV:1601.00329;%%"
}

@article{Lazeyras:2016nbs,
      author         = "Lazeyras, Titouan and Wagner, Christian and Baldauf, Tobias and Schmidt, Fabian",
      title          = "{Precision Measurement of the Local Bias of Dark Matter Halos}",
      journal        = "J. Cosmol. Astropart. P.",
      volume         = "02",
      year           = "2016",
      pages          = "018",
      doi            = "10.1088/1475-7516/2016/02/018",
      eprint         = "1511.01096",
      archivePrefix  = "arXiv",
      primaryClass   = "astro-ph.CO",
      SLACcitation   = "%%CITATION = ARXIV:1511.01096;%%"
}

@article{Baldauf:2011fer,
      author         = "Baldauf, Tobias and Seljak, Uroš and Senatore, Leonardo and Zaldarriaga, Matias",
      title          = "{Galaxy Bias and Non-Linear Structure Formation in General Relativity}",
      journal        = "J. Cosmol. Astropart. P.",
      volume         = "10",
      year           = "2011",
      pages          = "031",
      doi            = "10.1088/1475-7516/2011/10/031",
      eprint         = "1106.5507",
      archivePrefix  = "arXiv",
      primaryClass   = "astro-ph.CO",
      SLACcitation   = "%%CITATION = ARXIV:1106.5507;%%"
}

@article{Jeong:2012foss,
      author         = "Jeong, Donghui and Kamionkowski, Marc",
      title          = "{Clustering Fossils from the Early Universe}",
      journal        = "Phys. Rev. Lett.",
      volume         = "108",
      year           = "2012",
      pages          = "251301",
      doi            = "10.1103/PhysRevLett.108.251301",
      eprint         = "1203.0302",
      archivePrefix  = "arXiv",
      primaryClass   = "astro-ph.CO",
      SLACcitation   = "%%CITATION = ARXIV:1203.0302;%%"
}

@article{Li:2014ssc,
      author         = "Li, Yin and Hu, Wayne and Takada, Masahiro",
      title          = "{Super-Sample Signal}",
      journal        = "Phys. Rev. D",
      volume         = "90",
      number         = "10",
      year           = "2014",
      pages          = "103530",
      doi            = "10.1103/PhysRevD.90.103530",
      eprint         = "1408.1081",
      archivePrefix  = "arXiv",
      primaryClass   = "astro-ph.CO",
      SLACcitation   = "%%CITATION = ARXIV:1408.1081;%%"
}

@article{Zhu:2016tidal,
      author         = "Zhu, Hong-Ming and Pen, Ue-Li and Yu, Yu and Er, Xinzhong and Chen, Xuelei",
      title          = "{Cosmic Tidal Reconstruction}",
      journal        = "Phys. Rev. D",
      volume         = "93",
      year           = "2016",
      pages          = "103504",
      doi            = "10.1103/PhysRevD.93.103504",
      eprint         = "1511.04680",
      archivePrefix  = "arXiv",
      primaryClass   = "astro-ph.CO",
      SLACcitation   = "%%CITATION = ARXIV:1511.04680;%%"
}

@article{Barreira:2017res,
      author         = "Barreira, Alexandre and Schimidt, Fabian",
      title          = "{Responses in Large-Scale Structure}",
      journal        = "J. Cosmol. Astropart. P.",
      volume         = "06",
      year           = "2017",
      pages          = "03",
      doi            = "10.1088/1475-7516/2017/06/053",
      eprint         = "1703.09212",
      archivePrefix  = "arXiv",
      primaryClass   = "astro-ph.CO",
      SLACcitation   = "%%CITATION = ARXIV:1703.09212;%%"
}

@article{Seljak:2004sj,
    author = "Seljak, Uros and Makarov, Alexey and Mandelbaum, Rachel and Hirata, Christopher M. and Padmanabhan, Nikhil and McDonald, Patrick and Blanton, Michael R. and Tegmark, Max and Bahcall, Neta A. and Brinkmann, J.",
    collaboration = "SDSS Collaboration",
    title = "{SDSS galaxy bias from halo mass-bias relation and its cosmological implications}",
    eprint = "astro-ph/0406594",
    archivePrefix = "arXiv",
    doi = "10.1103/PhysRevD.71.043511",
    journal = "Phys. Rev. D",
    volume = "71",
    pages = "043511",
    year = "2005"
}

@article{Chang:2016npo,
    author = "Chang, C. and others",
    collaboration = "DES Collaboration",
    title = "{Galaxy bias from the Dark Energy Survey Science Verification data: combining galaxy density maps and weak lensing maps}",
    eprint = "1601.00405",
    archivePrefix = "arXiv",
    primaryClass = "astro-ph.CO",
    reportNumber = "FERMILAB-PUB-16-010-AE",
    doi = "10.1093/mnras/stw861",
    journal = "Mon. Not. Roy. Astron. Soc.",
    volume = "459",
    number = "3",
    pages = "3203--3216",
    year = "2016"
}

@article{Prat:2016xor,
    author = "Prat, J. and others",
    collaboration = "DES Collaboration",
    title = "{Galaxy bias from galaxy--galaxy lensing in the DES science verification data}",
    eprint = "1609.08167",
    archivePrefix = "arXiv",
    primaryClass = "astro-ph.CO",
    reportNumber = "FERMILAB-PUB-16-389-AE",
    doi = "10.1093/mnras/stx2430",
    journal = "Mon. Not. Roy. Astron. Soc.",
    volume = "473",
    number = "2",
    pages = "1667--1684",
    year = "2018"
}

@article{Kaiser:1987rsd,
      author         = "Kaiser, Nick",
      title          = "{Clustering in Real Space and in Redshift Space}",
      journal        = "Mon. Not. Roy. Astron. Soc.",
      volume         = "227",
      year           = "1987",
      pages          = "1-21",
      doi            = "10.1093/mnras/227.1.1",
}

@article{Troxel:2017xyo,
    author = "Troxel, M.A. and others",
    collaboration = "DES Collaboration",
    title = "{Dark Energy Survey Year 1 results: Cosmological constraints from cosmic shear}",
    eprint = "1708.01538",
    archivePrefix = "arXiv",
    primaryClass = "astro-ph.CO",
    reportNumber = "FERMILAB-PUB-17-279-PPD",
    doi = "10.1103/PhysRevD.98.043528",
    journal = "Phys. Rev. D",
    volume = "98",
    number = "4",
    pages = "043528",
    year = "2018"
}

@article{Gil-Marin:2015sqa,
    author = "Gil-Marín, Héctor and others",
    title = "{The clustering of galaxies in the SDSS-III Baryon Oscillation Spectroscopic Survey: RSD measurement from the LOS-dependent power spectrum of DR12 BOSS galaxies}",
    eprint = "1509.06386",
    archivePrefix = "arXiv",
    primaryClass = "astro-ph.CO",
    doi = "10.1093/mnras/stw1096",
    journal = "Mon. Not. Roy. Astron. Soc.",
    volume = "460",
    number = "4",
    pages = "4188--4209",
    year = "2016"
}

@article{Ho:2012sh,
    author = "Ho, Shirley and others",
    title = "{Clustering of Sloan Digital Sky Survey III Photometric Luminous Galaxies: The Measurement, Systematics, and Cosmological Implications}",
    eprint = "1201.2137",
    archivePrefix = "arXiv",
    primaryClass = "astro-ph.CO",
    doi = "10.1088/0004-637X/761/1/14",
    journal = "Astrophys. J.",
    volume = "761",
    number = "1",
    pages = "24",
    year = "2012"
}

@article{Hahn:2016kiy,
    author = "Hahn, ChangHoon and Scoccimarro, Roman and Blanton, Michael R. and Tinker, Jeremy L. and Rodríguez-Torres, Sergio A.",
    title = "{The effect of fibre collisions on the galaxy power spectrum multipoles}",
    eprint = "1609.01714",
    archivePrefix = "arXiv",
    primaryClass = "astro-ph.CO",
    doi = "10.1093/mnras/stx185",
    journal = "Mon. Not. Roy. Astron. Soc.",
    volume = "467",
    number = "2",
    pages = "1940--1956",
    year = "2017"
}

@article{Dawson:2013boss,
    author = "Dawson, Kyle S. and others",
    title = "{The Baryon Oscillation Spectroscopic Survey of SDSS-III}",
    eprint = "1208.0022",
    archivePrefix = "arXiv",
    primaryClass = "astro-ph.CO",
    doi = "10.1088/0004-6256/145/1/10",
    journal = "Astron. J.",
    volume = "145",
    number = "1",
    pages = "10",
    year = "2013"
}

@article{Dawson:2015wdb,
    author = "Dawson, Kyle S. and others",
    title = "{The SDSS-IV extended Baryon Oscillation Spectroscopic Survey: Overview and Early Data}",
    eprint = "1508.04473",
    archivePrefix = "arXiv",
    primaryClass = "astro-ph.CO",
    reportNumber = "FERMILAB-PUB-15-643-AE",
    doi = "10.3847/0004-6256/151/2/44",
    journal = "Astron. J.",
    volume = "151",
    pages = "44",
    year = "2016"
}

@article{Dore:2014cca,
    author = "Doré, Olivier and others",
    title = "{Cosmology with the SPHEREX All-Sky Spectral Survey}",
    eprint = "1412.4872",
    archivePrefix = "arXiv",
    primaryClass = "astro-ph.CO",
    month = "12",
    year = "2014"
}

@article{Laurent:2017gze,
    author = "Laurent, Pierre and others",
    title = "{Clustering of quasars in SDSS-IV eBOSS : study of potential systematics and bias determination}",
    eprint = "1705.04718",
    archivePrefix = "arXiv",
    primaryClass = "astro-ph.CO",
    doi = "10.1088/1475-7516/2017/07/017",
    journal = "JCAP",
    volume = "07",
    pages = "017",
    year = "2017"
}

@article{Efstathio:1990cdm,
    author = "Efstathiou, G. and Sutherland, W. J. and Maddox, S. J.",
    title = "{The cosmological constant and cold dark matter}",
    doi = "10.1038/348705a0",
    journal = "Nature",
    volume = "348",
    pages = "705-707",
    year = "1990"
}

@article{Yang:2011cic,
    author = "Yang, Abel and Saslaw, William C.",
    title = "{The Galaxy Counts-in-cells Distribution from the Sloan Digital Sky Survey}",
    eprint = "1009.0013",
    archivePrefix = "arXiv",
    primaryClass = "astro-ph.CO",
    doi = "10.1088/0004-637X/729/2/123",
    journal = "Astrophys. J.",
    volume = "729",
    number = "2",
    pages = "123",
    year = "2011"
}

@article{Nishizawa:2014vga,
    author = "Nishizawa, Atsushi J.",
    title = "{The integrated Sachs--Wolfe effect and the Rees--Sciama effect}",
    eprint = "1404.5102",
    archivePrefix = "arXiv",
    primaryClass = "astro-ph.CO",
    doi = "10.1093/ptep/ptu062",
    journal = "PTEP",
    volume = "2014",
    pages = "06B110",
    year = "2014"
}

@article{Copi:2010na,
    author = "Copi, Craig J. and Huterer, Dragan and Schwarz, Dominik J. and Starkman, Glenn D.",
    title = "{Large angle anomalies in the CMB}",
    eprint = "1004.5602",
    archivePrefix = "arXiv",
    primaryClass = "astro-ph.CO",
    doi = "10.1155/2010/847541",
    journal = "Adv. Astron.",
    volume = "2010",
    pages = "847541",
    year = "2010"
}

@article{Rassat:2014yna,
    author = "Rassat, A. and Starck, J.-L. and Paykari, P. and Sureau, F. and Bobin, J.",
    title = "{Planck CMB Anomalies: Astrophysical and Cosmological Secondary Effects and the Curse of Masking}",
    eprint = "1405.1844",
    archivePrefix = "arXiv",
    primaryClass = "astro-ph.CO",
    doi = "10.1088/1475-7516/2014/08/006",
    journal = "JCAP",
    volume = "08",
    pages = "006",
    year = "2014"
}

@article{Schwarz:2015cma,
    author = "Schwarz, Dominik J. and Copi, Craig J. and Huterer, Dragan and Starkman, Glenn D.",
    title = "{CMB Anomalies after Planck}",
    eprint = "1510.07929",
    archivePrefix = "arXiv",
    primaryClass = "astro-ph.CO",
    doi = "10.1088/0264-9381/33/18/184001",
    journal = "Class. Quant. Grav.",
    volume = "33",
    number = "18",
    pages = "184001",
    year = "2016"
}

@article{Hasenkamp:2012ii,
    author = "Hasenkamp, Jasper and Kersten, Jörn",
    title = "{Dark radiation from particle decay: cosmological constraints and opportunities}",
    eprint = "1212.4160",
    archivePrefix = "arXiv",
    primaryClass = "hep-ph",
    doi = "10.1088/1475-7516/2013/08/024",
    journal = "JCAP",
    volume = "08",
    pages = "024",
    year = "2013"
}

@article{Ata:2017dya,
    author = "Ata, Metin and others",
    title = "{The clustering of the SDSS-IV extended Baryon Oscillation Spectroscopic Survey DR14 quasar sample: first measurement of baryon acoustic oscillations between redshift 0.8 and 2.2}",
    eprint = "1705.06373",
    archivePrefix = "arXiv",
    primaryClass = "astro-ph.CO",
    doi = "10.1093/mnras/stx2630",
    journal = "Mon. Not. Roy. Astron. Soc.",
    volume = "473",
    number = "4",
    pages = "4773--4794",
    year = "2018"
}

@article{Dalton:2014wv,
    author = "Dalton, Gavin and others",
    title = "{Project overview and update on WEAVE: the next generation wide-field spectroscopy facility for the William Herschel Telescope}",
    eprint = "1412.0843",
    archivePrefix = "arXiv",
    primaryClass = "astro-ph.CO",
    doi = "10.1117/12.2055132",
    journal = "Proceedings of the SPIE",
    volume = "9147",
    year = "2014"
}

@article{Amiaux:2012ec,
    author = "Amiaux, J. and others",
    title = "{Euclid mission: building of a reference survey}",
    eprint = "1209.2228",
    archivePrefix = "arXiv",
    primaryClass = "astro-ph.CO",
    doi = "10.1117/12.926513",
    journal = "Proceedings of the SPIE",
    volume = "8842",
    year = "2021"
}

@article{Fevre:2014tna,
    author = "Le Fèvre, O. and others",
    title = "{The VIMOS Ultra-Deep Survey: \textasciitilde 10 000 galaxies with spectroscopic redshifts to study galaxy assembly at early epochs 2 $< z ≃$ 6}",
    eprint = "1403.3938",
    archivePrefix = "arXiv",
    primaryClass = "astro-ph.CO",
    doi = "10.1051/0004-6361/201423829",
    journal = "Astron. Astrophys.",
    volume = "576",
    pages = "A79",
    year = "2015"
}

@article{Coil:2005ap,
    author = "Coil, Alison L. and Newman, Jeffrey A. and Cooper, Michael C. and Davis, Marc and Faber, S.M. and Koo, David C. and Willmer, Christopher N.A.",
    title = "{The deep2 galaxy redshift survey: clustering of galaxies as a function of luminosity at z=1}",
    eprint = "astro-ph/0512233",
    archivePrefix = "arXiv",
    doi = "10.1086/503601",
    journal = "Astrophys. J.",
    volume = "644",
    pages = "671--677",
    year = "2006"
}

@article{Lazkoz:2007cc,
    author = "Lazkoz, R. and Nesseris, S. and Perivolaropoulos, L.",
    title = "{Comparison of Standard Ruler and Standard Candle constraints on Dark Energy Models}",
    eprint = "0712.1232",
    archivePrefix = "arXiv",
    primaryClass = "astro-ph",
    doi = "10.1088/1475-7516/2008/07/012",
    journal = "JCAP",
    volume = "07",
    pages = "012",
    year = "2008"
}

@article{Chuang:2016uuz,
    author = "Chuang, Chia-Hsun and others",
    collaboration = "BOSS",
    title = "{The clustering of galaxies in the completed SDSS-III Baryon Oscillation Spectroscopic Survey: single-probe measurements from DR12 galaxy clustering -- towards an accurate model}",
    eprint = "1607.03151",
    archivePrefix = "arXiv",
    primaryClass = "astro-ph.CO",
    doi = "10.1093/mnras/stx1641",
    journal = "Mon. Not. Roy. Astron. Soc.",
    volume = "471",
    number = "2",
    pages = "2370--2390",
    year = "2017"
}

@article{Gil-Marin:2014sta,
    author = "Gil-Mar\'\i{}n, H\'ector and Nore\~na, Jorge and Verde, Licia and Percival, Will J. and Wagner, Christian and Manera, Marc and Schneider, Donald P.",
    title = "{The power spectrum and bispectrum of SDSS DR11 BOSS galaxies \textendash{} I. Bias and gravity}",
    eprint = "1407.5668",
    archivePrefix = "arXiv",
    primaryClass = "astro-ph.CO",
    doi = "10.1093/mnras/stv961",
    journal = "Mon. Not. Roy. Astron. Soc.",
    volume = "451",
    number = "1",
    pages = "539--580",
    year = "2015"
}

@article{Gil-Marin:2016wya,
    author = "Gil-Mar\'\i{}n, H\'ector and Percival, Will J. and Verde, Licia and Brownstein, Joel R. and Chuang, Chia-Hsun and Kitaura, Francisco-Shu and Rodr\'\i{}guez-Torres, Sergio A. and Olmstead, Matthew D.",
    title = "{The clustering of galaxies in the SDSS-III Baryon Oscillation Spectroscopic Survey: RSD measurement from the power spectrum and bispectrum of the DR12 BOSS galaxies}",
    eprint = "1606.00439",
    archivePrefix = "arXiv",
    primaryClass = "astro-ph.CO",
    doi = "10.1093/mnras/stw2679",
    journal = "Mon. Not. Roy. Astron. Soc.",
    volume = "465",
    number = "2",
    pages = "1757--1788",
    year = "2017"
}

@article{Feldman:1993ky,
    author = "Feldman, Hume A. and Kaiser, Nick and Peacock, John A.",
    title = "{Power spectrum analysis of three-dimensional redshift surveys}",
    eprint = "astro-ph/9304022",
    archivePrefix = "arXiv",
    reportNumber = "UM-AC-93-5",
    doi = "10.1086/174036",
    journal = "Astrophys. J.",
    volume = "426",
    pages = "23--37",
    year = "1994"
}

@article{McDonald:2009dh,
    author = "McDonald, Patrick and Roy, Arabindo",
    title = "{Clustering of dark matter tracers: generalizing bias for the coming era of precision LSS}",
    eprint = "0902.0991",
    archivePrefix = "arXiv",
    primaryClass = "astro-ph.CO",
    doi = "10.1088/1475-7516/2009/08/020",
    journal = "JCAP",
    volume = "08",
    pages = "020",
    year = "2009"
}

@article{Beutler:2013yhm,
    author = "Beutler, Florian and others",
    collaboration = "BOSS",
    title = "{The clustering of galaxies in the SDSS-III Baryon Oscillation Spectroscopic Survey: Testing gravity with redshift-space distortions using the power spectrum multipoles}",
    eprint = "1312.4611",
    archivePrefix = "arXiv",
    primaryClass = "astro-ph.CO",
    doi = "10.1093/mnras/stu1051",
    journal = "Mon. Not. Roy. Astron. Soc.",
    volume = "443",
    number = "2",
    pages = "1065--1089",
    year = "2014"
}

@article{Gil-Marin:2018cgo,
    author = "Gil-Mar\'\i{}n, H\'ector and others",
    title = "{The clustering of the SDSS-IV extended Baryon Oscillation Spectroscopic Survey DR14 quasar sample: structure growth rate measurement from the anisotropic quasar power spectrum in the redshift range $0.8 < z < 2.2$}",
    eprint = "1801.02689",
    archivePrefix = "arXiv",
    primaryClass = "astro-ph.CO",
    doi = "10.1093/mnras/sty453",
    journal = "Mon. Not. Roy. Astron. Soc.",
    volume = "477",
    number = "2",
    pages = "1604--1638",
    year = "2018"
}

@article{Fosalba:2013mra,
    author = "Fosalba, P. and Gazta\~naga, E. and Castander, F. J. and Crocce, M.",
    title = "{The MICE Grand Challenge light-cone simulation \textendash{} III. Galaxy lensing mocks from all-sky lensing maps}",
    eprint = "1312.2947",
    archivePrefix = "arXiv",
    primaryClass = "astro-ph.CO",
    doi = "10.1093/mnras/stu2464",
    journal = "Mon. Not. Roy. Astron. Soc.",
    volume = "447",
    number = "2",
    pages = "1319--1332",
    year = "2015"
}

@article{McEwen:2016fjn,
    author = "McEwen, Joseph E. and Fang, Xiao and Hirata, Christopher M. and Blazek, Jonathan A.",
    title = "{FAST-PT: a novel algorithm to calculate convolution integrals in cosmological perturbation theory}",
    eprint = "1603.04826",
    archivePrefix = "arXiv",
    primaryClass = "astro-ph.CO",
    doi = "10.1088/1475-7516/2016/09/015",
    journal = "JCAP",
    volume = "09",
    pages = "015",
    year = "2016"
}

@article{Baldauf:2012hs,
    author = "Baldauf, Tobias and Seljak, Uros and Desjacques, Vincent and McDonald, Patrick",
    title = "{Evidence for Quadratic Tidal Tensor Bias from the Halo Bispectrum}",
    eprint = "1201.4827",
    archivePrefix = "arXiv",
    primaryClass = "astro-ph.CO",
    doi = "10.1103/PhysRevD.86.083540",
    journal = "Phys. Rev. D",
    volume = "86",
    pages = "083540",
    year = "2012"
}

@article{Bianchi:2015oia,
    author = "Bianchi, Davide and Gil-Mar\'\i{}n, H\'ector and Ruggeri, Rossana and Percival, Will J.",
    title = "{Measuring line-of-sight dependent Fourier-space clustering using FFTs}",
    eprint = "1505.05341",
    archivePrefix = "arXiv",
    primaryClass = "astro-ph.CO",
    doi = "10.1093/mnrasl/slv090",
    journal = "Mon. Not. Roy. Astron. Soc.",
    volume = "453",
    number = "1",
    pages = "L11--L15",
    year = "2015"
}

@article{Yamamoto:2005dz,
    author = "Yamamoto, Kazuhiro and Nakamichi, Masashi and Kamino, Akinari and Bassett, Bruce A. and Nishioka, Hiroaki",
    title = "{A Measurement of the quadrupole power spectrum in the clustering of the 2dF QSO Survey}",
    eprint = "astro-ph/0505115",
    archivePrefix = "arXiv",
    doi = "10.1093/pasj/58.1.93",
    journal = "Publ. Astron. Soc. Jap.",
    volume = "58",
    pages = "93--102",
    year = "2006"
}